% Encoding: UTF-8
%-----------------------------------------------------------------------------------------------------------
%INTRODUCTION

@misc{Intro.1,
  	title = {Why are Sorting Algorithms Important?},
  	howpublished = {\url{https://www.crondose.com/2016/07/sorting-algorithms-important/}},
  	note = {Accessed: 2016-07-16}
}

@techreport{Intro.2,
	author =  {Michael, D. Byrne and Richard,Catrambone and John, T. Stasko},
	title  = {Do Algorithm Animations Aid Learning?},
	institution = {School of Psychology
	Georgia Institute of Technology and College of Computing
	Georgia Institute of Technology
		Atlanta},
	year   = {1996},  
  	number = {P-2},
  	type = {Report},
  	note   = {\url{https://smartech.gatech.edu/bitstream/handle/1853/3504/96-18.pdf?sequence=1&isAllowed=y}},
}

@Article{Intro.3,
	author = {Chi, M.T.H. and De Leeuw, N. and  Mei-Hung, C. and Levancher, C},
	title={Eliciting self-explanations improves understanding },
   	journal={Cognitive Science},
   	volume={18},
   	year = {1994},
   	pages={439-477},
}


%----------------------------------------------------------------------------------------------------------
%BACKGROUNDRESEARCH

@TechReport{TIOBE2016,
  author      = {TIOBE},
  title       = {TIOBE Index for November 2016},
  institution = {2016 TIOBE software BV},
  year        = {2016},
  number      = {+31 40 400 2800},
  address     = {Victory House II, Company Number 2089, Esp 401, 5633 AJ Eindhoven, The Netherlands},
  note        = {\url{http://www.tiobe.com/tiobe-index/}},
}

@TechReport{Stats2016,
  author      = {StatCounter Global Stats},
  title       = {Top 7 Desktop, Tablet \& Console OSs in China from Oct 2015 to Oct 2016},
  institution = {StatCounter},
  year        = {2016},
  address     = {globalstats@statcounter.com},
  note        = {\url{http://gs.statcounter.com/#os-CN-monthly-201510-201610-bar}},
}

%----------------------------------------------------------------------------------------------------------
%Design

@Book{Gregor20055,
  	title     = {5 Process Modeling using UML},
  	publisher = {John Wiley \& Sons, Inc.},
  	year      = {2005},
  	author    = {Gregor, Engels and Alexer, Förster and Reiko, Heckel and Sebastian, Thöne},
  	pages     = {85--117},
}

@Book{Wegmann2000The,
  	title     = {The Role of “Roles” in Use Case Diagrams},
  	publisher = {Springer Berlin Heidelberg},
  	year      = {2000},
  	author    = {Wegmann, Alain and Genilloud, Guy},
  	pages     = {210--224},
}

@Article{Bell2005UML,
  	author  = {Bell, Donald},
  	title   = {UML''s Sequence Diagram},
  	journal = {IBM. [Online] IBM},
  	year    = {2005},
  	number  = {2},
}

@Article{cockburn2001agile,
  Title                    = {Agile software development, the people factor},
  Author                   = {Cockburn, Alistair and Highsmith, Jim},
  Journal                  = {Computer},
  Year                     = {2001},
  Number                   = {11},
  Pages                    = {131--133},
  Volume                   = {34}
}

@InProceedings{dabbish2012social,
  Title                    = {Social coding in GitHub: transparency and collaboration in an open software repository},
  Author                   = {Dabbish, Laura and Stuart, Colleen and Tsay, Jason and Herbsleb, Jim},
  Booktitle                = {Proceedings of the ACM 2012 conference on Computer Supported Cooperative Work},
  Year                     = {2012},
  Organization             = {ACM},
  Pages                    = {1277--1286}
}

@InCollection{jackson2014introduction,
  Title                    = {An Introduction to JavaFX 8: Exploring the Capabilities of the Java 8 Multimedia Engine},
  Author                   = {Jackson, Wallace},
  Booktitle                = {Beginning Java 8 Games Development},
  Publisher                = {Springer},
  Year                     = {2014},
  Pages                    = {75--99}
}

@Misc{oetiker2010not,
  Title                    = {The Not So Short Introduction to LATEX 2},
  Author                   = {Oetiker, Tobias and Partl, Hubert and Hyna, Irene and Schlegl, Elisabeth},
  Year                     = {2010},
  Publisher                = {Citeseer}
}

@Article{rising2000scrum,
  Title                    = {The Scrum software development process for small teams},
  Author                   = {Rising, Linda and Janoff, Norman S},
  Journal                  = {IEEE software},
  Year                     = {2000},
  Number                   = {4},
  Pages                    = {26},
  Volume                   = {17},

  Publisher                = {IEEE Computer Society}
}

@misc{Scrum,
  	title = {Scrum Overview for Agile Software Development},
  	howpublished = {\url{https://www.mountaingoatsoftware.com/agile/scrum/overview}},
  	note = {Accessed: 2016-11-26}
}

@Comment{jabref-meta: databaseType:bibtex;}


%----------------------------------------------------------------------------------------------------------


@Article{Debray:2000:CTC:349214.349233,
  author     = {Debray, Saumya K. and Evans, William and Muth, Robert and De Sutter, Bjorn},
  title      = {Compiler Techniques for Code Compaction},
  journal    = {ACM Trans. Program. Lang. Syst.},
  year       = {2000},
  volume     = {22},
  number     = {2},
  pages      = {378--415},
  month      = mar,
  note       = {\url{http://doi.acm.org/10.1145/349214.349233}},
  acmid      = {349233},
  address    = {New York, NY, USA},
  doi        = {10.1145/349214.349233},
  issn       = {0164-0925},
  issue_date = {March 2000},
  keywords   = {code compaction, code compression, code size reduction},
  numpages   = {38},
  owner      = {Fingal},
  publisher  = {ACM},
  timestamp  = {2016-11-19},
}
@Comment{jabref-meta: databaseType:bibtex;}
